@techreport{NRAD,
    author    = "John D. Bess, J. Blair Briggs, Richard A. Lell",
    title     = "Neutron Radiography (NRAD) Reactor 64-Element Core Upgrade",
    institution = "Idaho National Laboratory",
    year      = "2014",
    
   }
   
   @techreport{SAR,
    author    = "",
    title     = "Safety Analysis Report",
    institution = "University of Wisconsin Nuclear Reactor",
    year      = "2014",
    
   }
   
      @techreport{core_shuffle_report,
    author    = "",
    title     = "LEU Core Shuffle Safety Analysis",
    institution = "University of Wisconsin Nuclear Reactor",
    year      = "2011",
    
   }
